<?xml version="1.0" encoding="UTF-8"?><record xmlns="http://www.loc.gov/MARC21/slim" xmlns:cinclude="http://apache.org/cocoon/include/1.0" xmlns:zs="http://www.loc.gov/zing/srw/">
  <leader>00404cz  a2200133n  4500</leader>
  <controlfield tag="001">n  89135414 </controlfield>
  <controlfield tag="003">DLC</controlfield>
  <controlfield tag="005">20090324074910.0</controlfield>
  <controlfield tag="008">950629n| acannaabn          |n aaa      </controlfield>
  <datafield tag="010" ind1=" " ind2=" ">
    <subfield code="a">n  89135414 </subfield>
  </datafield>
  <datafield tag="035" ind1=" " ind2=" ">
    <subfield code="a">(OCoLC)oca04079906</subfield>
  </datafield>
  <datafield tag="040" ind1=" " ind2=" ">
    <subfield code="a">DLC</subfield>
    <subfield code="b">eng</subfield>
    <subfield code="c">DLC</subfield>
    <subfield code="d">OCoLC</subfield>
  </datafield>
  <datafield tag="100" ind1="0" ind2=" ">
    <subfield code="a">Taqīuddīn</subfield>
  </datafield>
  <datafield tag="670" ind1=" " ind2=" ">
    <subfield code="a">His Pākistān kī siyāsī jamāʻaten̲ aur taḥrīken̲, 1995:</subfield>
    <subfield code="b">t.p. (Ḥāfiẓ Taqīuddīn)</subfield>
  </datafield>
</record>